%YAML 1.1
%TAG !u! tag:unity3d.com,2011:
--- !u!1 &8982944854066818641
GameObject:
  m_ObjectHideFlags: 0
  m_CorrespondingSourceObject: {fileID: 0}
  m_PrefabInstance: {fileID: 0}
  m_PrefabAsset: {fileID: 0}
  serializedVersion: 6
  m_Component:
  - component: {fileID: 8982944854066818642}
  - component: {fileID: 8982944854066818652}
  - component: {fileID: 8982944854066818643}
  - component: {fileID: 8982944854066818654}
  - component: {fileID: 8982944854066818653}
  - component: {fileID: -8385192456817953788}
  m_Layer: 6
  m_Name: Snowman
  m_TagString: Enemy
  m_Icon: {fileID: 0}
  m_NavMeshLayer: 0
  m_StaticEditorFlags: 0
  m_IsActive: 1
--- !u!4 &8982944854066818642
Transform:
  m_ObjectHideFlags: 0
  m_CorrespondingSourceObject: {fileID: 0}
  m_PrefabInstance: {fileID: 0}
  m_PrefabAsset: {fileID: 0}
  m_GameObject: {fileID: 8982944854066818641}
  m_LocalRotation: {x: -0, y: -0.99201643, z: -0, w: 0.12610906}
  m_LocalPosition: {x: -0.0069999695, y: 1.3370001, z: 56.010002}
  m_LocalScale: {x: 83.76482, y: 83.76482, z: 83.76482}
  m_Children: []
  m_Father: {fileID: 0}
  m_RootOrder: 0
  m_LocalEulerAnglesHint: {x: 0, y: -165.51, z: 0}
--- !u!33 &8982944854066818652
MeshFilter:
  m_ObjectHideFlags: 0
  m_CorrespondingSourceObject: {fileID: 0}
  m_PrefabInstance: {fileID: 0}
  m_PrefabAsset: {fileID: 0}
  m_GameObject: {fileID: 8982944854066818641}
  m_Mesh: {fileID: 6788383922943872000, guid: 968f7e49f3b1b324d9584df260fa30ba, type: 3}
--- !u!23 &8982944854066818643
MeshRenderer:
  m_ObjectHideFlags: 0
  m_CorrespondingSourceObject: {fileID: 0}
  m_PrefabInstance: {fileID: 0}
  m_PrefabAsset: {fileID: 0}
  m_GameObject: {fileID: 8982944854066818641}
  m_Enabled: 1
  m_CastShadows: 1
  m_ReceiveShadows: 1
  m_DynamicOccludee: 1
  m_StaticShadowCaster: 0
  m_MotionVectors: 1
  m_LightProbeUsage: 1
  m_ReflectionProbeUsage: 1
  m_RayTracingMode: 2
  m_RayTraceProcedural: 0
  m_RenderingLayerMask: 1
  m_RendererPriority: 0
  m_Materials:
  - {fileID: -8498072568288798726, guid: 968f7e49f3b1b324d9584df260fa30ba, type: 3}
  - {fileID: 5650526492999649590, guid: 968f7e49f3b1b324d9584df260fa30ba, type: 3}
  - {fileID: 4352284914225708712, guid: 968f7e49f3b1b324d9584df260fa30ba, type: 3}
  - {fileID: -1360991219368177298, guid: 968f7e49f3b1b324d9584df260fa30ba, type: 3}
  - {fileID: -2063684936051385217, guid: 968f7e49f3b1b324d9584df260fa30ba, type: 3}
  - {fileID: 3655396658102750768, guid: 968f7e49f3b1b324d9584df260fa30ba, type: 3}
  - {fileID: 5561349426305759274, guid: 968f7e49f3b1b324d9584df260fa30ba, type: 3}
  m_StaticBatchInfo:
    firstSubMesh: 0
    subMeshCount: 0
  m_StaticBatchRoot: {fileID: 0}
  m_ProbeAnchor: {fileID: 0}
  m_LightProbeVolumeOverride: {fileID: 0}
  m_ScaleInLightmap: 1
  m_ReceiveGI: 1
  m_PreserveUVs: 0
  m_IgnoreNormalsForChartDetection: 0
  m_ImportantGI: 0
  m_StitchLightmapSeams: 1
  m_SelectedEditorRenderState: 3
  m_MinimumChartSize: 4
  m_AutoUVMaxDistance: 0.5
  m_AutoUVMaxAngle: 89
  m_LightmapParameters: {fileID: 0}
  m_SortingLayerID: 0
  m_SortingLayer: 0
  m_SortingOrder: 0
  m_AdditionalVertexStreams: {fileID: 0}
--- !u!54 &8982944854066818654
Rigidbody:
  m_ObjectHideFlags: 0
  m_CorrespondingSourceObject: {fileID: 0}
  m_PrefabInstance: {fileID: 0}
  m_PrefabAsset: {fileID: 0}
  m_GameObject: {fileID: 8982944854066818641}
  serializedVersion: 2
  m_Mass: 1
  m_Drag: 0
  m_AngularDrag: 0.5
  m_UseGravity: 1
  m_IsKinematic: 0
  m_Interpolate: 0
  m_Constraints: 0
  m_CollisionDetection: 0
--- !u!65 &8982944854066818653
BoxCollider:
  m_ObjectHideFlags: 0
  m_CorrespondingSourceObject: {fileID: 0}
  m_PrefabInstance: {fileID: 0}
  m_PrefabAsset: {fileID: 0}
  m_GameObject: {fileID: 8982944854066818641}
  m_Material: {fileID: 0}
  m_IsTrigger: 0
  m_Enabled: 1
  serializedVersion: 2
  m_Size: {x: 0.025377994, y: 0.02547966, z: 0.013658917}
  m_Center: {x: 0, y: 0, z: 0}
--- !u!114 &-8385192456817953788
MonoBehaviour:
  m_ObjectHideFlags: 0
  m_CorrespondingSourceObject: {fileID: 0}
  m_PrefabInstance: {fileID: 0}
  m_PrefabAsset: {fileID: 0}
  m_GameObject: {fileID: 8982944854066818641}
  m_Enabled: 1
  m_EditorHideFlags: 0
  m_Script: {fileID: 11500000, guid: 061379a3e11594640b22bc89bf1133dd, type: 3}
  m_Name: 
  m_EditorClassIdentifier: 
  yLimit: 5
